<?xml version="1.0" encoding="UTF-8"?><collection xmlns="http://www.loc.gov/MARC21/slim"><record><leader>00619nam--2200169-i-4500</leader><controlfield tag="001">000043346</controlfield><controlfield tag="002">20161230</controlfield><controlfield tag="005">20161230201044</controlfield><controlfield tag="008">060222s1000------------r-----000-0-eng-d</controlfield><datafield ind1=" " ind2=" " tag="040"><subfield code="a">IFIN-HH</subfield></datafield><datafield ind1=" " ind2=" " tag="080"><subfield code="a">533.9</subfield></datafield><datafield ind1="1" ind2=" " tag="110"><subfield code="a">International School Of Plasma Physics</subfield></datafield><datafield ind1="1" ind2="0" tag="245"><subfield code="a">Symposium on plasma heating and injection varenna - villa monastero - italy, september 21 - october 4, 1972</subfield><subfield code="b">LECTURES AND SEMINARS. CNR Laboratotio di Fisica del Plasma e di Electronica Quantistica Milano, Italy</subfield></datafield><datafield ind1=" " ind2=" " tag="260"><subfield code="a">Bologna, Editrice Compositori, 1973</subfield></datafield><datafield ind1=" " ind2=" " tag="300"><subfield code="a">265 P</subfield></datafield><datafield ind1=" " ind2=" " tag="852"><subfield code="a">75850</subfield><subfield code="c">533.9</subfield></datafield><datafield ind1=" " ind2=" " tag="CAT"><subfield code="a">Sys</subfield><subfield code="c">20101002</subfield><subfield code="h">105909</subfield></datafield></record></collection>